<?xml version="1.0" encoding="UTF-8"?><record xmlns="http://www.loc.gov/MARC21/slim" xmlns:cinclude="http://apache.org/cocoon/include/1.0" xmlns:zs="http://www.loc.gov/zing/srw/">
  <leader>00462nz  a2200145n  4500</leader>
  <controlfield tag="001">no 00037709 </controlfield>
  <controlfield tag="003">DLC</controlfield>
  <controlfield tag="005">20000527064021.0</controlfield>
  <controlfield tag="008">000526n| acannaabn          |n aad     c</controlfield>
  <datafield tag="010" ind1=" " ind2=" ">
    <subfield code="a">no 00037709 </subfield>
  </datafield>
  <datafield tag="035" ind1=" " ind2=" ">
    <subfield code="a">(OCoLC)oca05226823</subfield>
  </datafield>
  <datafield tag="040" ind1=" " ind2=" ">
    <subfield code="a">MdU</subfield>
    <subfield code="b">eng</subfield>
    <subfield code="c">MdU</subfield>
  </datafield>
  <datafield tag="100" ind1="1" ind2=" ">
    <subfield code="a">Rosenberg, Helen A.</subfield>
  </datafield>
  <datafield tag="670" ind1=" " ind2=" ">
    <subfield code="a">LCCN75-302696: A matter of choice, 1974</subfield>
    <subfield code="b">(hdg.: Rosenberg, Helen A.; usage: Helen A. Rosenberg)</subfield>
  </datafield>
  <datafield tag="670" ind1=" " ind2=" ">
    <subfield code="a">LC in OCLC, Apr. 28, 2000</subfield>
    <subfield code="b">(hdg.: Rosenberg, Helen A.)</subfield>
  </datafield>
</record>